@misc{McQuain2000,
  author        = {McQuain},
  title         = {Data Structures and Algorithms},
  year          = {2000},
  howpublished 	= "\url{http://courses.cs.vt.edu/~cs3114/Fall09/wmcquain/Notes/T14.SortingAnalysis.pdf}",
  note 			= "Online; accessed 15-April-2016",
  publisher={Computer Science at Virginia Tech}
}

@Article{Hunter2007,
  Author    = {Hunter, J. D.},
  Title     = {Matplotlib: A 2D graphics environment},
  Journal   = {Computing In Science and Engineering},
  Volume    = {9},
  Number    = {3},
  Pages     = {90--95},
  abstract  = {Matplotlib is a 2D graphics package used for Python
  for application development, interactive scripting, and
  publication-quality image generation across user
  interfaces and operating systems.},
  publisher = {IEEE COMPUTER SOC},
  year      = {2007}
}